<?xml version="1.0" encoding="UTF-8"?><collection xmlns="http://www.loc.gov/MARC21/slim"><record><leader>00450nam--2200121-i-4500</leader><controlfield tag="001">000030960</controlfield><controlfield tag="002">20161230</controlfield><controlfield tag="005">20161230201038</controlfield><controlfield tag="008">060222s1000------------r-----000-0-eng-d</controlfield><datafield ind1=" " ind2=" " tag="100"><subfield code="a">Litton, Gerald M., Wallace, Roger., Steward, Palmer G</subfield></datafield><datafield ind1=" " ind2=" " tag="245"><subfield code="a">Stopping power, range and terminal ionization of any nucleus with 0.01 to 500 mev/amu in any nongaseous material, including nuclear effects</subfield></datafield><datafield ind1=" " ind2=" " tag="260"><subfield code="a">Berkeley, California, Lrl, 1969. 69p</subfield></datafield><datafield ind1=" " ind2=" " tag="852"><subfield code="a">42233</subfield></datafield></record></collection>